@book{saguileran-es,
author = {Sebastian Aguilera Novoa},
title = {Diseño, desarrollo y evaluación de un modelo físico - computacional generador de cantos de aves sintéticos a partir de cantos grabados.},
publisher = {Universidad Nacional de Colombia, archivo digital.},
year = {2022},
note      = {\href{https://github.com/saguileran/birdsongs/blob/dissertation/dissertation.pdf}{Tesis de pregrado.}}
}
