@book{saguileran,
author = {Sebastian Aguilera Novoa},
title = {Design, development, and evaluation of a computational physical model to generate synthetic birdsongs from recorded samples},
publisher = {National University of Colombia, digital archive.},
year = {2022},
note      = {\href{https://github.com/saguileran/birdsongs/blob/dissertation/dissertation.pdf}{Bachelor's Dissertation}}
}