---
---

@string{aps = {American Physical Society,}}

@misc{flusp,
  title  = {FLUSP - FLOSS},
  author = {FLUSP - Instituto de Matemática e Estatística (IME) da Universidade de São Paulo (USP)},
  year   = 2025,
  note   = {Website of the FLUSP research group: <a href="https://flusp.ime.usp.br/">https://flusp.ime.usp.br/</a>. Here are all the tutorials and more information about the group.},
  preview = {https://flusp.ime.usp.br/img/logo.png}
}

@misc{deepseek2024,
  title = {DeepSeek Chat (Version 1.0)},
  author = {DeepSeek},
  year = {2024},
  howpublished = {Mobile and Web Application},
  note = {Used por correct gramatic and improve text coherence. Oficcial website: <a href="https://www.deepseek.com">https://www.deepseek.com</a>}, 
  preview = {deepseek_logo.png}
}