---
---

@string{aps = {American Physical Society,}}

@misc{flusp,
  title  = {FLUSP - FLOSS},
  author = {FLUSP, University of SÃ£o Paulo (USP)},
  year   = 2025,
  note   = {<a href="https://flusp.ime.usp.br/">https://flusp.ime.usp.br/</a> - Accessed: March 19, 2025},
  preview = {https://flusp.ime.usp.br/img/logo.png}
}